@article{sanderson2012history,
    title={The history of information retrieval research},
    author={Sanderson, Mark and Croft, W Bruce},
    journal={Proceedings of the IEEE},
    volume={100},
    number={Special Centennial Issue},
    pages={1444--1451},
    year={2012},
    publisher={IEEE}
}

@article{hitchhiker,
    author = {Adams, Douglas},
    title = {The {Hitchhiker}'s {Guide} to the {Galaxy}},
    year = {1979}
}

@article{allahyari2017,
    author    = {Mehdi Allahyari and
                Seyed Amin Pouriyeh and
                Mehdi Assefi and
                Saied Safaei and
                Elizabeth D. Trippe and
                Juan B. Gutierrez and
                Krys Kochut},
    title     = {A Brief Survey of Text Mining: Classification, Clustering and Extraction
                Techniques},
    journal   = {CoRR},
    volume    = {abs/1707.02919},
    year      = {2017},
    url       = {http://arxiv.org/abs/1707.02919},
    archivePrefix = {arXiv},
    eprint    = {1707.02919},
    timestamp = {Sat, 05 Aug 2017 14:56:09 +0200},
    biburl    = {https://dblp.org/rec/bib/journals/corr/AllahyariPASTGK17a},
    bibsource = {dblp computer science bibliography, https://dblp.org}
}

@inproceedings{Steinbach2000ACO,
    title={A Comparison of Document Clustering Techniques},
    author={Michael Steinbach and George Karypis and Vipin Kumar},
    year={2000}
}

@article{FruchtermanReingold,
    author = {Fruchterman Thomas M. J. and Reingold Edward M.},
    title = {Graph drawing by force‐directed placement},
    journal = {Software: Practice and Experience},
    volume = {21},
    number = {11},
    pages = {1129-1164},
    keywords = {Graph drawing, Force‐directed placement, Multi‐level techniques, Simulated annealing},
    doi = {10.1002/spe.4380211102},
    url = {https://onlinelibrary.wiley.com/doi/abs/10.1002/spe.4380211102},
    eprint = {https://onlinelibrary.wiley.com/doi/pdf/10.1002/spe.4380211102},
    abstract = {Abstract We present a modification of the spring‐embedder model of Eades [Congressus Numerantium, 42, 149–160, (1984)] for drawing undirected graphs with straight edges. Our heuristic strives for uniform edge lengths, and we develop it in analogy to forces in natural systems, for a simple, elegant, conceptually‐intuitive, and efficient algorithm.}
}

@article{Hausler2013,
    author = {Christian Häusler},
    title = {Methods for Determining the Similarity of Documents},
    url = {https://www.md-systems.ch/sites/default/files/methods_for_determining_the_similarity_of_documents.pdf},
    year = {2013}
}

@book{schutze2008introduction,
    title={Introduction to information retrieval},
    author={Sch{\"u}tze, Hinrich and Manning, Christopher D and Raghavan, Prabhakar},
    volume={39},
    year={2008},
    publisher={Cambridge University Press}
}

@article{bjork2009scientific,
    title={Scientific journal publishing: yearly volume and open access availability.},
    author={Bjork, Bo-Christer and Roos, Annikki and Lauri, Mari},
    journal={Information Research: An International Electronic Journal},
    volume={14},
    number={1},
    year={2009},
    publisher={ERIC}
}

@article{Stole2017,
    author = {Dominik Stanojević},
    title = {Primjena stroja s potpornim vektorima za analizu sentimenta korisničkih recenzija},
    year = {2017}
}

@article{wold1987principal,
    title={Principal component analysis},
    author={Wold, Svante and Esbensen, Kim and Geladi, Paul},
    journal={Chemometrics and intelligent laboratory systems},
    volume={2},
    number={1-3},
    pages={37--52},
    year={1987},
    publisher={Elsevier}
}

@incollection{turing2009computing,
    title={Computing machinery and intelligence},
    author={Turing, Alan M},
    booktitle={Parsing the Turing Test},
    pages={23--65},
    year={2009},
    publisher={Springer}
}

@inproceedings{le2014distributed,
    title={Distributed representations of sentences and documents},
    author={Le, Quoc and Mikolov, Tomas},
    booktitle={International Conference on Machine Learning},
    pages={1188--1196},
    year={2014}
}